@book{adams1995hitchhiker,
  title={The Hitchhiker's Guide to the Galaxy},
  author={Adams, D.},
  isbn={9781417642595},
  url={http://books.google.com/books?id=W-xMPgAACAAJ},
  year={1995},
  publisher={San Val}
}

@book{kurose2017computer,
  title={Computer Networking: A Top-Down Approach, Global Edition},
  author={Kurose, J. and Ross, K.},
  isbn={9781292153605},
  year={2017},
  publisher={Pearson Education Limited}
}

@book{tanenbaum2013computer,
  title={Computer Networks},
  author={Tanenbaum, A.S. and Wetherall, D.},
  isbn={9781292024226},
  series={Pearson custom library},
  year={2013},
  publisher={Pearson}
}

@misc{wiresharkGuide,
  author = {Ulf Lamping, Richard Sharpe, Ed Warnicke},
  title = {Wireshark User's Guide},
  year = {2014},
  howpublished = {\url{https://www.wireshark.org/docs/wsug_html_chunked/index.html}}
}

@misc{IANA,
  author = {{Internet Assigned Numbers Authority (IANA)}},
  title = {{IEEE 802 Numbers}},
  year = {2017},
  howpublished = {\url{http://www.iana.org/assignments/ieee-802-numbers/ieee-802-numbers.xhtml#ieee-802-numbers-1}}
}

@misc{arp,
  author = {Electronics Research Group},
  title = {{Address Resolution Protocol (arp)}},
  year = {2015},
  howpublished = {\url{http://www.erg.abdn.ac.uk/users/gorry/course/inet-pages/arp.html}}
}

@misc{microsoftarp2000,
  author = {{Microsoft TechNet}},
  title = {{ARP Cache}},
  year = {????},
  howpublished = {\url{https://technet.microsoft.com/en-us/library/cc958841.aspx}}
}

@misc{microsoftarp2002,
  author = {{Microsoft Support}},
  title = {{Address Resolution Protocol (ARP) Cache Functions}},
  year = {2002},
  howpublished = {\url{https://support.microsoft.com/en-us/help/99150/address-resolution-protocol-arp-cache-functions}}
}

@misc{forum,
  author = {{Tech Republic}},
  title = {{Default ARP cache time in Windows}},
  year = {2009},
  howpublished = {\url{https://www.techrepublic.com/forums/discussions/default-arp-cache-timer-for-windows/}}
}

@misc{microsoftarpvista,
  author = {{Microsoft TechNet}},
  title = {{Description of Address Resolution Protocol (ARP) caching behavior in Windows Vista TCP/IP implementations}},
  year = {2014},
  howpublished = {\url{https://support.microsoft.com/en-us/help/949589/description-of-address-resolution-protocol-arp-caching-behavior-in-win}}
}

@misc{microsoftarplifetime,
  author = {{Microsoft TechNet}},
  title = {{ArpCacheLife}},
  year = {????},
  howpublished = {\url{https://technet.microsoft.com/en-us/library/cc957524.aspx}}
}

@misc{microsoftoutro1,
  author = {{Microsoft TechNet}},
  title = {{Arp}},
  year = {2012},
  howpublished = {\url{https://technet.microsoft.com/en-us/library/cc754761(v=ws.11).aspx}}
}

@misc{microsoftoutro2,
  author = {{Microsoft TechNet}},
  title = {{Arp}},
  year = {????},
  howpublished = {\url{https://technet.microsoft.com/en-us/library/bb490864.aspx}}
}

@misc{microsoftoutro3,
  author = {{Microsoft TechNet}},
  title = {{Arp}},
  year = {????},
  howpublished = {\url{https://technet.microsoft.com/en-us/library/cc940107.aspx}}
}

@misc{microsoftoutro4,
  author = {{Microsoft TechNet}},
  title = {{Test IP-to-MAC Address Resolution with ARP}},
  year = {????},
  howpublished = {\url{https://technet.microsoft.com/en-us/library/cc961394.aspx}}
}

@misc{microsoftoutro5,
  author = {{Microsoft TechNet}},
  title = {{About Network Discovery}},
  year = {2012},
  howpublished = {\url{https://technet.microsoft.com/en-us/library/bb693986.aspx}}
}

@inbook{ogatadinamico,
  title={Modern Control Engineering},
  author={Ogata, K.},
  isbn={978-0136156734},
  edition={5th},
  pages={100--158},
  chapter={4},
  year={2009},
  publisher={Prentice Hall}
}

@book{ogatadigital,
  title={Discrete-Time Control Systems},
  author={Ogata, K.},
  isbn={0-13-328642-8},
  edition={2nd},
  year={1995},
  publisher={Prentice Hall}
}

@misc{galli,
 author  = {Galli, Y. B.},
 title   = {{Modelagem e identificação linear de uma planta piloto com tanques interativos}},
 note    = {{Trabalho de Graduação em Engenharia de Controle e Automação, Publicação FT. TG-n12, Faculdade de Tecnologia, Universidade de Brasília, Brasília, DF, 54p.}},
 year    = {2017}
}

@misc{neri,
 author  = {Neri, V. F.},
 title   = {{Modelagem, Identificação e Controle de Planta Piloto com Tanque Cônico}},
 note    = {{Trabalho de Graduação em Engenharia de Controle e Automação, Publicação FT.TG-n◦022, Faculdade de Tecnologia, Universidade de Brasília, Brasília, DF, 67p.}},
 year    = {2019}
}

@book{nise,
  title={Engenharia De Sistemas De Controle},
  author={Nise, N.S.},
  isbn={978-8521621355},
  edition={6nd},
  year={2012},
  publisher={LTC}
}

@misc{henz,
 author  = {BERTO, P.  H.V.;  HENZ, R.  M.},
 title   = {{Controle Multivariável  via  Desacopladores  e Projeto  no  Espaço  de Estados:  Extensão  de Benchmark em  Planta  Industrial  de  Quatro Tanques.}},
 note    = {{Trabalho  de  Graduação  em  Engenharia  de  Controle  e  Automação,  Publicação FT.TG-nº21/2017, Faculdade de Tecnologia, Universidade de Brasília, Brasília, DF, 88p.}},
 year    = {2017}
}